@inproceedings{li2017droidbot,
  title={Droidbot: a lightweight ui-guided test input generator for android},
  author={Li, Yuanchun and Yang, Ziyue and Guo, Yao and Chen, Xiangqun},
  booktitle={2017 IEEE/ACM 39th International Conference on Software Engineering Companion (ICSE-C)},
  pages={23--26},
  year={2017},
  organization={IEEE}
}

@inproceedings{xiong2024general,
  title={General and Practical Property-based Testing for Android Apps},
  author={Xiong, Yiheng and Su, Ting and Wang, Jue and Sun, Jingling and Pu, Geguang and Su, Zhendong},
  booktitle={Proceedings of the 39th IEEE/ACM International Conference on Automated Software Engineering},
  pages={53--64},
  year={2024}
}

@inproceedings{liu2024testing,
  title={Testing the limits: Unusual text inputs generation for mobile app crash detection with large language model},
  author={Liu, Zhe and Chen, Chunyang and Wang, Junjie and Chen, Mengzhuo and Wu, Boyu and Tian, Zhilin and Huang, Yuekai and Hu, Jun and Wang, Qing},
  booktitle={Proceedings of the IEEE/ACM 46th international conference on software engineering},
  pages={1--12},
  year={2024}
}

@inproceedings{liu2023fill,
  title={Fill in the blank: Context-aware automated text input generation for mobile gui testing},
  author={Liu, Zhe and Chen, Chunyang and Wang, Junjie and Che, Xing and Huang, Yuekai and Hu, Jun and Wang, Qing},
  booktitle={2023 IEEE/ACM 45th International Conference on Software Engineering (ICSE)},
  pages={1355--1367},
  year={2023},
  organization={IEEE}
}

@inproceedings{liu2024make,
  title={Make llm a testing expert: Bringing human-like interaction to mobile gui testing via functionality-aware decisions},
  author={Liu, Zhe and Chen, Chunyang and Wang, Junjie and Chen, Mengzhuo and Wu, Boyu and Che, Xing and Wang, Dandan and Wang, Qing},
  booktitle={Proceedings of the IEEE/ACM 46th International Conference on Software Engineering},
  pages={1--13},
  year={2024}
}

@inproceedings{feng2024prompting,
  title={Prompting is all you need: Automated android bug replay with large language models},
  author={Feng, Sidong and Chen, Chunyang},
  booktitle={Proceedings of the 46th IEEE/ACM International Conference on Software Engineering},
  pages={1--13},
  year={2024}
}

@inproceedings{khan2024aurora,
  title={AURORA: Navigating UI Tarpits via Automated Neural Screen Understanding},
  author={Khan, Safwat Ali and Wang, Wenyu and Ren, Yiran and Zhu, Bin and Shi, Jiangfan and McGowan, Alyssa and Lam, Wing and Moran, Kevin},
  booktitle={2024 IEEE Conference on Software Testing, Verification and Validation (ICST)},
  pages={221--232},
  year={2024},
  organization={IEEE}
}

@software{jacoco,
  author       = {{JaCoCo Team}},
  title        = {{JaCoCo: Java Code Coverage Library}},
  year         = {2025},
  url          = {https://www.jacoco.org/jacoco/},
  version      = {0.8.10},
  note         = {Accessed: 2025-05}
}