@online{imf2024ai,
    author  = {Kristalina Georgieva},
    title   = {AI Will Transform the Global Economy. Letâ€™s Make Sure It Benefits Humanity.},
    year    = {2024},
    url     = {https://www.imf.org/en/Blogs/Articles/2024/01/14/ai-will-transform-the-global-economy-lets-make-sure-it-benefits-humanity},
    note    = {Accessed: 2024-12-29}
}

@article{phillips1958relation,
  title={The relation between unemployment and the rate of change of money wage rates in the United Kingdom, 1861-1957},
  author={Phillips, Alban W},
  journal={economica},
  volume={25},
  number={100},
  pages={283--299},
  year={1958},
  publisher={JSTOR}
}

@book{okun1963potential,
  title={Potential GNP: its measurement and significance},
  author={Okun, Arthur M},
  year={1963},
  publisher={Cowles Foundation for Research in Economics at Yale University}
}

@article{diamond1982aggregate,
  title={Aggregate demand management in search equilibrium},
  author={Diamond, Peter A},
  journal={Journal of political Economy},
  volume={90},
  number={5},
  pages={881--894},
  year={1982},
  publisher={The University of Chicago Press}
}

@article{mortensen1982property,
  title={Property rights and efficiency in mating, racing, and related games},
  author={Mortensen, Dale T},
  journal={The American Economic Review},
  volume={72},
  number={5},
  pages={968--979},
  year={1982},
  publisher={JSTOR}
}

@book{friedman1995role,
  title={The role of monetary policy},
  author={Friedman, Milton},
  year={1995},
  publisher={Springer}
}

@book{brynjolfsson2014second,
  title={The second machine age: Work, progress, and prosperity in a time of brilliant technologies},
  author={Brynjolfsson, Erik and McAfee, Andrew},
  year={2014},
  publisher={WW Norton \& company}
}

@article{frey2017future,
  title={The future of employment: How susceptible are jobs to computerisation?},
  author={Frey, Carl Benedikt and Osborne, Michael A},
  journal={Technological forecasting and social change},
  volume={114},
  pages={254--280},
  year={2017},
  publisher={Elsevier}
}

@report{wef2020futureofjobs,
  title        = {The Future of Jobs Report 2020},
  author       = {{World Economic Forum}},
  year         = {2020},
  month        = {12},
  url          = {http://www3.weforum.org/docs/WEF_Future_of_Jobs_2020.pdf},
  note         = {Accessed: 2024-12-29}
}
